
@inproceedings{ first-report,
       author = "Gerald Jay Sussman and Guy L. Steele, Jr.",
       title = "The First Report on Scheme Revisited",
       year = "1998",
	   booktitle = "Higher-Order and Symbolic Computation",
	   volume = "11"
}

@book{ sicp,
	author = "Gerald Jay Sussman and Hal Abelson",
	title = "Structure and Interpretation of Computer Programs",
	year = "1984",
	publisher = "MIT Press"
}

@book{ htdp,
	author = "Matthias Felleisen and Robert Bruce Findler and Matthew Flatt and Shriram Krishnamurthi",
	title = "How to Design Programs",
	year = "2002",
	publisher = "MIT Press"
}

@book{ plai,
	author = "Shriram Krishnamurthi",
	title = "Programming Lnaguages Application and Interpretation",
	year = "2007",
	publisher = "Shiran Krishnamurthi"
}

@book{ eopl,
	author = "Daniel P. Friedman and Mitchell Wand",
	title = "Essentials of Programming Languages",
	year = "2008",
	publisher = "MIT Press"
}


@misc{ scheme-schools,
	title = "Schemers Inc. -- Schools using Scheme",
	howpublished = "\url{http://www.schemers.com/schools.html}",
	note="Obtido em 21/11/2011",
	key="Scheme Schools"

}
@misc{ wg1-charter,
	title = "R7RS Working Group 1 Charter",
	note="Obtido em 21/11/2011",
	howpublished = "\url{http://www.scheme-reports.org/2009/working-group-1-charter.html}",
	key="R7RS Working Group 1"	
}

@misc{ r6rs-controversy,
	title = "Implementors' intentions concerning R6RS",
	author = "Marc Freeley",
    date = "2007-10-26",
	howpublished = "\url{http://lists.r6rs.org/pipermail/r6rs-discuss/2007-October/003351.html}",
	note="Obtido em 21/11/2011"
}

@misc{ r7rs-steering-committee-position,
	title = "Steering Committee Position Statement",
	howpublished = "\url{http://www.scheme-reports.org/2009/position-statement.html}",
	note="Obtido em 02/12/2011",
	key="R7RS Steering Committee"
	
}

@misc{ r7rs-draft3,
	title = "Revised 7 Report on the Algorithmic Language Scheme",
	author = "Steven Ganz and Aaron W. Hsu and Bradley Lucier and Emmanuel Medernach and Alexey Radul and Jeffrey T. Read and David Rush and Benjamin L. Russel and Olin Shivers and Alaric Snell-Pym and Gerald J. Sussman",
	month = Mar,
	year = "2011",
	howpublished = "\url{http://trac.sacrideo.us/wg/raw-attachment/wiki/WikiStart/r7rs-draft-3.pdf}",
	note="Obtido em 03/09/2011"
}

@misc{ chibi,
	author="Alex Shinn",
	title="Chibi Scheme",
	howpublished="\url{http://code.google.com/p/chibi-scheme}",
}

@misc{ r7rs-bridge,
	author="Okumura Yuki",
	title="R7RS small in R6RS library",
	month = Nov,
	year = 2011,
	howpublished="\url{http://lists.scheme-reports.org/pipermail/scheme-reports/2011-November/001648.html}",
	note="Obtido em 17/12/2011"
}

@MISC{ tinyclos,
	author="Gregor Kiczales",
	title="Tiny CLOS Announcement",
	month = Jan,
	year = 1992,
	howpublished="\url{ftp://ftp.parc.xerox.com/pub/mops/tiny/tiny-announce.text}",
	note="Obtido em 15/12/2011"
}

@MISC{meroon3,
    author = {Christian Queinnec and Ecole Polytechnique},
    title = {Designing Meroon V3},
    year = {1993}
}

@inproceedings{scheme/objects,
	title="Scheming with Objects",
	author="Ken Dickey",
	month=Oct,
	year=1992,
	volume=7,
	booktitle="AI Expert"
}

@book{jones:gc,
 author = {Jones, Richard and Lins, Rafael},
 title = {Garbage collection: algorithms for automatic dynamic memory management},
 year = {1996},
 publisher = {John Wiley \& Sons, Inc.},
} 

@article{mccarthy:lisp,
 author = {McCarthy, John},
 title = {Recursive functions of symbolic expressions and their computation by machine, Part I},
 journal = {Commun. ACM},
 issue_date = {April 1960},
 volume = {3},
 issue = {4},
 month = apr,
 year = {1960},
 url = {http://doi.acm.org/10.1145/367177.367199},
 publisher = {ACM},
 address = {New York, NY, USA},
} 

@misc{gnu:flex,
	title="GNU Flex",
	howpublished="\url{http://flex.sourceforge.net/}",
	key="GNU Flex",
}

@phdthesis{3imp,
	author="R. Kent Dybvig",
	school="University of North Carolina",
	title="Three Implementation Models for Scheme",
	year=1987,
	month=Apr,
}


@article{secd,
author = {Landin, P. J.}, 
title = {The Mechanical Evaluation of Expressions}, 
volume = {6}, 
number = {4}, 
pages = {308-320}, 
year = {1964}, 
journal = {The Computer Journal} 
}

@article{scheme-of-things,
 author = {Rees, Jonathan},
 title = {The scheme of things: implementing lexically scoped macros},
 journal = {SIGPLAN Lisp Pointers},
 volume = {VI},
 issue = {1},
 month = {January},
 year = {1993},
 pages = {33--37},
 numpages = {5},
 publisher = {ACM},
} 
@book{craig:vm,
  author    = {Iain D. Craig},
  title     = {Virtual machines},
  publisher = {Springer},
  year      = {2006},
}
@book{cormen,
 author = {Cormen, Thomas H. and Stein, Clifford and Rivest, Ronald L. and Leiserson, Charles E.},
 title = {Introduction to Algorithms},
 year = {2001},
 edition = {2nd},
 publisher = {McGraw-Hill Higher Education},
} 

